@ONLINE{provdm-basics,
  publisher = {W3C},
  maintitle = {PROV Model Primer},
  title     = {Intuitive overview of PROV},
  date      = {2013-04-30},
  url       = {https://www.w3.org/TR/2013/NOTE-prov-primer-20130430/#intuitive-overview-of-prov},
  urldate   = {2023-12-14},
  langid    = {english}
}

@ONLINE{provdm,
  publisher = {W3C},
  title     = {PROV-DM: The PROV Data Model},
  date      = {2013-04-30},
  url       = {https://www.w3.org/TR/2013/REC-prov-dm-20130430/},
  urldate   = {2023-12-14},
  langid    = {english}
}

@ONLINE{provn,
  publisher = {W3C},
  title     = {PROV-N: The Provenance Notation},
  date      = {2013-04-30},
  url       = {https://www.w3.org/TR/2013/REC-prov-n-20130430/},
  urldate   = {2023-12-14},
  langid    = {english}
}

@ONLINE{provtoolbox,
  author    = {Luc Moreau},
  publisher = {GitHub},
  title     = {ProvToolbox: Java library to create and convert W3C PROV data model representations},
  date      = {2011},
  url       = {https://lucmoreau.github.io/ProvToolbox/},
  urldate   = {2023-12-14},
  langid    = {english}
}

@ONLINE{jackson,
  author    = {FasterXML},
  publisher = {GitHub},
  title     = {FasterXML/jackson-databind: General data-binding package for Jackson (2.x): works on streaming API (core) implementation(s)},
  date      = {2011},
  url       = {https://github.com/FasterXML/jackson-databind},
  urldate   = {2023-12-14},
  langid    = {english}
}

@ONLINE{gitapi,
  author    = {gitlab4j},
  publisher = {GitHub},
  title     = {gitlab4j/gitlab4j-api: GitLab4J API (gitlab4j-api) provides a full featured Java client library for working with GitLab repositories via the GitLab REST API},
  date      = {2014},
  url       = {https://github.com/gitlab4j/gitlab4j-api},
  urldate   = {2023-12-14},
  langid    = {english}
}

@ONLINE{jline,
  author    = {jline},
  publisher = {GitHub},
  title     = {jline/jline3: JLine is a Java library for handling console input.},
  date      = {2016},
  url       = {https://github.com/jline/jline3},
  urldate   = {2023-12-14},
  langid    = {english}
}

@ONLINE{jansi,
  author    = {fusesource},
  publisher = {GitHub},
  title     = {fusesource/jansi: Jansi is a small java library that allows you to use ANSI escape sequences to format your console output which works even on windows.},
  date      = {2009},
  url       = {https://github.com/fusesource/jansi},
  urldate   = {2023-12-14},
  langid    = {english}
}

@ONLINE{maven-shade,
  publisher = {The Apache Software Foundation},
  title     = {Apache Maven Shade Plugin},
  date      = {2007},
  url       = {https://maven.apache.org/plugins/maven-shade-plugin/},
  urldate   = {2023-12-14},
  langid    = {english}
}

@ARTICLE{provchain,
  author   = {Rudolf Wittner and Matej Gallo and Simone Leo and Cecilia Mascia and Francesca Frexia and Markus Plass and Stian Soiland-Reyes and Heimo Müller and Jörg Geiger and Petr Holub},
  title    = {Linking provenance and its metadata in multi-organizational environments of life sciences.},
  subtitle = {Distributed Provenance Information \& CPM},
  date     = {2023},
  url      = {https://s11.no/2023/phd/linking-provenance/#distributed-provenance-information--cpm},
  urldate  = {2023-12-14},
  langid   = {english}
}

@ARTICLE{metaprov,
  author   = {Rudolf Wittner and Matej Gallo and Simone Leo and Cecilia Mascia and Francesca Frexia and Markus Plass and Stian Soiland-Reyes and Heimo Müller and Jörg Geiger and Petr Holub},
  title    = {Linking provenance and its metadata in multi-organizational environments of life sciences.},
  subtitle = {Versioning of Distributed Provenance in CPM},
  date     = {2023},
  url      = {https://s11.no/2023/phd/linking-provenance/#versioning-of-distributed-provenance-in-cpm},
  urldate  = {2023-12-14},
  langid   = {english}
}
